<?xml version="1.0" encoding="UTF-8"?><collection xmlns="http://www.loc.gov/MARC21/slim"><record><leader>00529nam--2200181-i-4500</leader><controlfield tag="001">000016420</controlfield><controlfield tag="002">20161230</controlfield><controlfield tag="005">20161230201031</controlfield><controlfield tag="008">060222s1000------------r-----000-0-fre-d</controlfield><datafield ind1=" " ind2=" " tag="040"><subfield code="a">IFIN-HH</subfield></datafield><datafield ind1=" " ind2=" " tag="041"><subfield code="a">fre</subfield></datafield><datafield ind1=" " ind2=" " tag="080"><subfield code="a">535.33(043)</subfield></datafield><datafield ind1="1" ind2=" " tag="100"><subfield code="a">Cloupeau, Michel</subfield></datafield><datafield ind1="1" ind2="0" tag="245"><subfield code="a">Recherches experimentales sur les ondes de choc produites par les decharges condensees dans les gaz rares</subfield><subfield code="b">These</subfield><subfield code="c">Michel cloupeau</subfield></datafield><datafield ind1=" " ind2=" " tag="260"><subfield code="a">Paris</subfield><subfield code="b">Universite</subfield><subfield code="c">1958</subfield></datafield><datafield ind1=" " ind2=" " tag="300"><subfield code="a">62 P</subfield></datafield><datafield ind1=" " ind2=" " tag="852"><subfield code="a">78229</subfield><subfield code="c">537.52</subfield></datafield><datafield ind1=" " ind2=" " tag="CAT"><subfield code="a">Sys</subfield><subfield code="c">20110805</subfield><subfield code="h">095946</subfield></datafield></record></collection>